% This file was created with JabRef 2.10b2.
% Encoding: UTF-8


@Book{DBLP:books/sp/HarderR01,
  Title                    = {{Datenbanksysteme: Konzepte und Techniken der Implementierung}},
  Author                   = {Theo Härder and Erhard Rahm},
  Publisher                = {Springer},
  Year                     = {2001},
  Bibsource                = {DBLP, http://dblp.uni-trier.de},
  ISBN                     = {3-540-42133-5}
}

@mastersthesis{maximilian,
  author  = {Maximilian Schaller},
  title   = {Train an Agent to Drive a Vehicle in a Simulated Environment Using
Reinforcement Learning},
  school  = {Universität Leipzig},
  year    = {2023}
}

@misc{tesla,
  author       = {x},
  howpublished = {TODO tesla autopilot is most famous self driving result},
  title        = {x},
  year         = {x}
}

@misc{teslaEndToEnd2,
  author       = {x},
  howpublished = {TODO find the information},
  title        = {Tesla autopilot switches to end-to-end hypepost: https://twitter.com/heydave7/status/1699447813896335624},
  year         = {x https://www.thinkautonomous.ai/blog/tesla-end-to-end-deep-learning/ }
}

@online{teslaEndToEnd,
  author = {Think Autonomous},
  title = {Breakdown: How Tesla will transition from Modular to End-To-End Deep Learning},
  year = 2023,
  url = {https://www.thinkautonomous.ai/blog/tesla-end-to-end-deep-learning/},
  urldate = {2023-09-15}
}

@online{state_of_autonomous_driving2023,
  author       = {Collimator},
  title        = {The State of Autonomous Vehicles: Seeking Mainstream Adoption},
  year         = {2023},
  url = {https://www.collimator.ai/post/the-state-of-autonomous-vehicles-in-2023},
  urldate = {2023-02-16}
}

@inproceedings{carla,
  title = { {CARLA}: {An} Open Urban Driving Simulator},
  author = {Alexey Dosovitskiy and German Ros and Felipe Codevilla and Antonio Lopez and Vladlen Koltun},
  booktitle = {Proceedings of the 1st Annual Conference on Robot Learning},
  pages = {1--16},
  year = {2017}
}

@inproceedings{airsim,
  author = {Shital Shah and Debadeepta Dey and Chris Lovett and Ashish Kapoor},
  title = {AirSim: High-Fidelity Visual and Physical Simulation for Autonomous Vehicles},
  year = {2017},
  booktitle = {Field and Service Robotics},
  eprint = {arXiv:1705.05065},
  url = {https://arxiv.org/abs/1705.05065}
}

@misc{atari,
      title={Playing Atari with Deep Reinforcement Learning}, 
      author={Volodymyr Mnih and Koray Kavukcuoglu and David Silver and Alex Graves and Ioannis Antonoglou and Daan Wierstra and Martin Riedmiller},
      year={2013},
      eprint={1312.5602},
      archivePrefix={arXiv},
      primaryClass={cs.LG}
}


@misc{ppo,
      title={TODO find the right paper}, 
      author={xxxx},
      year={xxxxx},
      eprint={xxxxx},
      archivePrefix={arXiv},
      primaryClass={cs.LG}
}